@article{weng2017wordembedding,
  title   = "Learning word embedding",
  author  = "Weng, Lilian",
  journal = "lilianweng.github.io",
  year    = "2017",
  url     = "https://lilianweng.github.io/posts/2017-10-15-word-embedding/"
}

@article{mikolov2013efficient,
  title={Efficient estimation of word representations in vector space},
  author={Mikolov, Tomas and Chen, Kai and Corrado, Greg and Dean, Jeffrey},
  journal={arXiv preprint arXiv:1301.3781},
  year={2013}
}

@article{DBLP:journals/corr/abs-1803-08375,
  author       = {Abien Fred Agarap},
  title        = {Deep Learning using Rectified Linear Units (ReLU)},
  journal      = {CoRR},
  volume       = {abs/1803.08375},
  year         = {2018},
  url          = {http://arxiv.org/abs/1803.08375},
  eprinttype    = {arXiv},
  eprint       = {1803.08375},
  timestamp    = {Mon, 13 Aug 2018 16:47:13 +0200},
  biburl       = {https://dblp.org/rec/journals/corr/abs-1803-08375.bib},
  bibsource    = {dblp computer science bibliography, https://dblp.org}
}

@article{kingma2014adam,
  title={Adam: A method for stochastic optimization},
  author={Kingma, Diederik P and Ba, Jimmy},
  journal={arXiv preprint arXiv:1412.6980},
  year={2014}
}

@article{DBLP:journals/corr/LiuDLZ15,
  author       = {Li{-}Ping Liu and
                  Thomas G. Dietterich and
                  Nan Li and
                  Zhi{-}Hua Zhou},
  title        = {Transductive Optimization of Top k Precision},
  journal      = {CoRR},
  volume       = {abs/1510.05976},
  year         = {2015},
  url          = {http://arxiv.org/abs/1510.05976},
  eprinttype    = {arXiv},
  eprint       = {1510.05976},
  timestamp    = {Thu, 12 Aug 2021 17:49:36 +0200},
  biburl       = {https://dblp.org/rec/journals/corr/LiuDLZ15.bib},
  bibsource    = {dblp computer science bibliography, https://dblp.org}
}